@article{mikida2019multi,
  title={Multi-rate time integration on overset meshes},
  author={Mikida, Cory and Kl{\"o}ckner, Andreas and Bodony, Daniel},
  journal={Journal of Computational Physics},
  volume={396},
  pages={325--346},
  year={2019},
  publisher={Elsevier}
}
@article{michalke1964inviscid,
  title={On the inviscid instability of the hyperbolictangent velocity profile},
  author={Michalke, Alfons},
  journal={Journal of Fluid Mechanics},
  volume={19},
  number={4},
  pages={543--556},
  year={1964},
  publisher={Cambridge University Press}
}
@article{blumen1970shear,
  title={Shear layer instability of an inviscid compressible fluid},
  author={Blumen, William},
  journal={Journal of Fluid Mechanics},
  volume={40},
  number={4},
  pages={769--781},
  year={1970},
  publisher={Cambridge University Press}
}
@article{kozdon2016stable,
  title={Stable coupling of nonconforming, high-order finite difference methods},
  author={Kozdon, Jeremy E and Wilcox, Lucas C},
  journal={SIAM Journal on Scientific Computing},
  volume={38},
  number={2},
  pages={A923--A952},
  year={2016},
  publisher={SIAM}
}
@article{gear1984multirate,
  title={Multirate linear multistep methods},
  author={Gear, Charles William and Wells, DR},
  journal={BIT Numerical Mathematics},
  volume={24},
  number={4},
  pages={484--502},
  year={1984},
  publisher={Springer}
}
@phdthesis{klockner2010high,
  title={High-performance high-order simulation of wave and plasma phenomena},
  author={Kl\"{o}ckner, Andreas},
  year={2010},
  school={Brown University}
}
@book{bashforth1883attempt,
  title={An attempt to test the theories of capillary action},
  author={Bashforth, Francis and Adams, John Couch},
  year={1883},
  publisher={University Press}
}
@article{kutta1901beitrag,
  title={Beitrag zur n{\"a}herungweisen Integration totaler Differentialgleichungen},
  author={Kutta, Wilhelm},
  year={1901}
}
@article{heun1900neue,
  title={Neue Methoden zur approximativen Integration der Differentialgleichungen einer unabh{\"a}ngigen Ver{\"a}nderlichen},
  author={Heun, Karl},
  journal={Z. Math. Phys},
  volume={45},
  pages={23--38},
  year={1900}
}
@article{bodony2010accuracy,
  title={Accuracy of the simultaneous-approximation-term boundary condition for time-dependent problems},
  author={Bodony, Daniel J},
  journal={Journal of Scientific Computing},
  volume={43},
  number={1},
  pages={118--133},
  year={2010},
  publisher={Springer}
}
@article{svard2007stable,
  title={A stable high-order finite difference scheme for the compressible {N}avier--{S}tokes equations, far-field boundary conditions},
  author={Sv{\"a}rd, Magnus and Carpenter, Mark H and Nordstr{\"o}m, Jan},
  journal={Journal of Computational Physics},
  volume={225},
  number={1},
  pages={1020--1038},
  year={2007},
  publisher={Elsevier}
}
@techreport{carpenter1993time,
  title={Time-stable boundary conditions for finite-difference schemes solving hyperbolic systems: methodology and application to high-order compact schemes},
  author={Carpenter, Mark H and Gottlieb, David and Abarbanel, Saul},
  year={1993},
  institution={NASA}
}
@article{svard2008stable,
  title={A stable high-order finite difference scheme for the compressible {N}avier--{S}tokes equations: no-slip wall boundary conditions},
  author={Sv{\"a}rd, Magnus and Nordstr{\"o}m, Jan},
  journal={Journal of Computational Physics},
  volume={227},
  number={10},
  pages={4805--4824},
  year={2008},
  publisher={Elsevier}
}
@article{strand1994summation,
  title={Summation by parts for finite difference approximations for d/dx},
  author={Strand, Bo},
  journal={Journal of Computational Physics},
  volume={110},
  number={1},
  pages={47--67},
  year={1994},
  publisher={Elsevier}
}
@article{mattsson2004stable,
  title={Stable and accurate artificial dissipation},
  author={Mattsson, Ken and Sv{\"a}rd, Magnus and Nordstr{\"o}m, Jan},
  journal={Journal of Scientific Computing},
  volume={21},
  number={1},
  pages={57--79},
  year={2004},
  publisher={Springer}
}
@book{mcbride2002nasa,
  title={NASA Glenn coefficients for calculating thermodynamic properties of individual species},
  author={McBride, Bonnie J},
  year={2002},
  publisher={National Aeronautics and Space Administration, John H. Glenn Research Center~...}
}
@article{zhu2011hybrid,
  title={A hybrid FETD-FDTD method with nonconforming meshes},
  author={Zhu, Bao and Chen, Jiefu and Zhong, Wanxie and Liu, Qing Huo},
  journal={Communications in Computational Physics},
  volume={9},
  number={3},
  pages={828--842},
  year={2011},
  publisher={Cambridge University Press}
}
